% =============================================================================
% == REFERENCIAS PRINCIPALES (ORDENADAS ALFABÉTICAMENTE)
% =============================================================================

% Ref [1]
@mastersthesis{acosta2019construccion,
  author    = {Acosta, Fabricio Andrés Zules},
  title     = {Construcción de un dataset de noticias para el entrenamiento y evaluación de clasificadores automatizados},
  school    = {Universidad Politécnica de Madrid},
  year      = {2019},
  type      = {Trabajo Fin de Máster Universitario en Ciberseguridad},
  note      = {ResearchGate},
  doi       = {10.13140/RG.2.2.31181.49126},
  url       = {https://doi.org/10.13140/RG.2.2.31181.49126}
}

% Ref [2]
@misc{acosta2019dataset,
  author    = {Acosta, Fabricio Andrés Zules},
  title     = {{DataSet Web scraping noticias verificadas}},
  year      = {2019},
  howpublished = {Kaggle},
  url       = {https://www.kaggle.com/datasets/zulanac/fake-and-real-news},
  note      = {Recuperado el 07 de julio de 2024}
}

% Ref [3]
@techreport{aguirre2023fraude,
  author      = {Aguirre Quezada, J. P.},
  title       = {El fraude en México: daños patrimoniales y trabajo legislativo para enfrentarlo},
  institution = {Senado de México},
  year        = {2023},
  url         = {http://bibliodigitalibd.senado.gob.mx/handle/123456789/6051},
  note        = {Recuperado el 05 de julio de 2024}
}

% Ref [4]
@inproceedings{alam2023overview,
  author    = {Alam, F. and Barrón-Cedeño, A. and Cheema, G. S. and Shahi, G. K. and Hakimov, S. and Hasanain, M. and others and Nakov, P.},
  title     = {Overview of the {CLEF-2023} {CheckThat!} Lab Task 1 on Check-Worthiness of Multimodal and Multigenre Content},
  booktitle = {CEUR Workshop Proceedings},
  year      = {2023},
  volume    = {3497},
  pages     = {219--235},
  month     = {September},
  url       = {https://dclibrary.mbzuai.ac.ae/nlpfp/78/},
  note      = {Recuperado el 05 de julio de 2024}
}

% Ref [5]
@article{ali2020posttruth,
  author  = {Ali, K. and Zain-Ul-Abdin, K.},
  title   = {Post-truth propaganda: heuristic processing of political fake news on {Facebook} during the 2016 {U.S.} presidential election},
  journal = {Journal of Applied Communication Research},
  year    = {2020},
  volume  = {49},
  number  = {1},
  pages   = {109--128},
  doi     = {10.1080/00909882.2020.1847311},
  url     = {https://doi.org/10.1080/00909882.2020.1847311}
}

% Ref [6]
@article{ali2021fake,
  author  = {Ali, K. and Liu, C. and Zain-Ul-Abdin, K. and Zaffar, M. A.},
  title   = {Fake news on {Facebook}: examining the impact of heuristic cues on perceived credibility and sharing intention},
  journal = {Internet Research},
  year    = {2021},
  volume  = {32},
  number  = {1},
  pages   = {379--397},
  doi     = {10.1108/intr-10-2019-0442},
  url     = {https://doi.org/10.1108/intr-10-2019-0442}
}

% Ref [7]
@article{alvarez2021fraude,
  author  = {Alvarez, O. H.},
  title   = {Fraude laboral en la era digital},
  journal = {Revista General de Derecho del Trabajo y de la Seguridad Social},
  year    = {2021},
  number  = {59},
  issn    = {1696-9626},
  note    = {Recuperado el 06 de julio de 2024},
  url     = {https://dialnet.unirioja.es/servlet/articulo?codigo=8029600}
}

% Ref [8]
@phdthesis{anselmo2013diseno,
  author = {Anselmo, M. G. R.},
  title  = {Diseño y desarrollo de un método heurístico basado en un sistema socio-cultural de creatividad para la resolución de problemas de optimización no lineales y diseño de zonas electorales},
  school = {Universidad Nacional Autónoma de México},
  year   = {2013},
  type   = {Tesis de Doctorado en Ingeniería},
  url    = {http://132.248.10.225:8080/handle/123456789/101},
  note   = {Recuperado el 07 de julio de 2024}
}

% Ref [9]
@incollection{aqil2021modeling,
  author    = {Aqil, S. and Lahby, M.},
  title     = {Modeling and solving the fake news detection scheduling problem},
  booktitle = {Studies in computational intelligence},
  pages     = {231--242},
  year      = {2021},
  publisher = {Springer},
  doi       = {10.1007/978-3-030-90087-8_11},
  url       = {https://doi.org/10.1007/978-3-030-90087-8_11}
}

% Ref [10]
@inproceedings{aragon2020overview,
  author    = {Aragón, M. E. and Jarquín, H. and Gómez, M. M. Y. and Escalante, H. J. and Villaseñor-Pineda, L. and Gómez-Adorno, H. and others and Posadas-Durán, J. P.},
  title     = {Overview of mex-a3t at iberlef 2020: Fake news and aggressiveness analysis in mexican {Spanish}},
  booktitle = {Notebook Papers of 2nd SEPLN Workshop on Iberian Languages Evaluation Forum (IberLEF)},
  year      = {2020},
  month     = {September},
  address   = {Malaga, España},
  url       = {https://openreview.net/forum?id=vkjfS0w2hu},
  note      = {Recuperado el 06 de julio de 2024}
}

% Ref [11]
@article{bacanin2023benefits,
  author  = {Bacanin, N. and Stoean, C. and Zivkovic, M. and Rakic, M. and Strulak-Wójcikiewicz, R. and Stoean, R.},
  title   = {On the Benefits of Using Metaheuristics in the Hyperparameter Tuning of Deep Learning Models for Energy Load Forecasting},
  journal = {Energies},
  year    = {2023},
  volume  = {16},
  number  = {3},
  pages   = {1434},
  doi     = {10.3390/en16031434},
  url     = {https://doi.org/10.3390/en16031434}
}

% Ref [12]
@misc{bai2022constitutional,
  author = {Bai, Y. and Kadavath, S. and Kundu, S. and Askell, A. and Kernion, J. and Jones, A. and Chen, A. and Goldin, A. and Mirhoseini, A. and McKinnon, C. and Chen, C. and Olsson, C. and Olah, C. and Hernandez, D. and Drain, D. and Ganguli, D. and Li, D. and Tran-Johnson, E. and Perez, E. and Kerr, J. and Mueller, J. and Ladish, J. and Landau, J. and Ndousse, K. and Lukosuite, K. and Lovitt, L. and Sellitto, M. and Elhage, N. and Schiefer, N. and Mercado, N. and DasSarma, N. and Lasenby, R. and Larson, R. and Ringer, S. and Johnston, S. and Kravec, S. and Showk, S. E. and Fort, S. and Lanham, T. and Telleen-Lawton, T. and Conerly, T. and Henighan, T. and Hume, T. and Bowman, S. R. and Hatfield-Dodds, Z. and Mann, B. and Amodei, D. and Joseph, N. and McCandlish, S. and Brown, T. and Kaplan, J.},
  title  = {Constitutional {AI}: Harmlessness from {AI} Feedback},
  year   = {2022},
  month  = {December},
  doi    = {10.48550/arXiv.2212.08073},
  url    = {https://doi.org/10.48550/arXiv.2212.08073}
}

% Ref [13]
@incollection{barron2023clef,
  author    = {Barrón-Cedeño, A. and Alam, F. and Caselli, T. and Da San Martino, G. and Elsayed, T. and Galassi, A. and others and Nakov, P.},
  title     = {The {CLEF-2023} {CheckThat!} Lab: Checkworthiness, Subjectivity, Political Bias, Factuality, and Authority},
  booktitle = {Advances in Information Retrieval. ECIR 2023. Lecture Notes in Computer Science},
  year      = {2023},
  publisher = {Springer, Cham},
  editor    = {Kamps, J. and others},
  volume    = {13982},
  doi       = {10.1007/978-3-031-28241-6_59},
  url       = {https://doi.org/10.1007/978-3-031-28241-6_59}
}

% Ref [14]
@article{blanco2024enhancing,
  author  = {Blanco-Fernández, Y. and Otero-Vizoso, J. and Gil-Solla, A. and Garc{\'i}a-Duque, J.},
  title   = {Enhancing Misinformation Detection in {Spanish} Language with Deep Learning: {BERT} and {RoBERTa} Transformer Models},
  journal = {Applied Sciences},
  year    = {2024},
  volume  = {14},
  number  = {21},
  pages   = {9729},
  doi     = {10.3390/app14219729},
  url     = {https://doi.org/10.3390/app14219729}
}

% Ref [15]
@misc{blanco2024spanish,
  author    = {Blanco-Fernández, Y. and Otero-Vizoso, J. and Gil-Solla, A. and Garc{\'i}a-Duque, J.},
  title     = {{Spanish Political Fake News}},
  year      = {2024},
  howpublished = {Kaggle},
  url       = {https://www.kaggle.com/datasets/javieroterovizoso/spanish-political-fake-news},
  note      = {Recuperado el 15 de julio de 2024}
}

% Ref [16]
@article{bondielli2019survey,
  author  = {Bondielli, A. and Marcelloni, F.},
  title   = {A survey on fake news and rumour detection techniques},
  journal = {Information Sciences},
  year    = {2019},
  volume  = {497},
  pages   = {38--55},
  doi     = {10.1016/j.ins.2019.05.035},
  url     = {https://doi.org/10.1016/j.ins.2019.05.035}
}

% Ref [17]
@misc{brown2020language,
  author = {Brown, T. B. and Mann, B. and Ryder, N. and Subbiah, M. and Kaplan, J. and Dhariwal, P. and Neelakantan, A. and Shyam, P. and Sastry, G. and Askell, A. and Agarwal, S. and Herbert-Voss, A. and Krueger, G. and Henighan, T. and Child, R. and Ramesh, A. and Ziegler, D. M. and Wu, J. and Winter, C. and Hesse, C. and Chen, M. and Sigler, E. and Litwin, M. and Gray, S. and Chess, B. and Clark, J. and Berner, C. and McCandlish, S. and Radford, A. and Sutskever, I. and Amodei, D.},
  title  = {Language Models are Few-Shot Learners},
  year   = {2020},
  month  = {May},
  doi    = {10.48550/arXiv.2005.14165},
  url    = {https://doi.org/10.48550/arXiv.2005.14165}
}

% Ref [18]
@article{cao2020corporate,
  author  = {Cao, J. and Luo, X. and Zhang, W.},
  title   = {Corporate employment, red flags, and audit effort},
  journal = {Journal of Accounting and Public Policy},
  year    = {2020},
  volume  = {39},
  number  = {1},
  pages   = {106710},
  doi     = {10.1016/j.jaccpubpol.2019.106710},
  url     = {https://doi.org/10.1016/j.jaccpubpol.2019.106710}
}

% Ref [19]
@article{carcamo2021fake,
  author  = {Cárcamo-Ulloa, L. and Cárdenas-Neira, C. and Sáez-Trumper, D. and Toural-Bran, C.},
  title   = {Fake news en {Chile} y {España}: ¿Cómo los medios nos hablan de noticias falsas?},
  journal = {Journal of Iberian and Latin American Research},
  year    = {2021},
  pages   = {1--18},
  doi     = {10.1080/13260219.2020.1909849},
  url     = {https://doi.org/10.1080/13260219.2020.1909849}
}

% Ref [20]
@article{das2022heuristic,
  author  = {Das, S. D. and Basak, A. and Dutta, S.},
  title   = {A heuristic-driven uncertainty-based ensemble framework for fake news detection in tweets and news articles},
  journal = {Neurocomputing},
  year    = {2022},
  volume  = {491},
  pages   = {607--620},
  doi     = {10.1016/j.neucom.2021.12.037},
  url     = {https://doi.org/10.1016/j.neucom.2021.12.037}
}

% Ref [21]
@article{deshai2023unmasking,
  author  = {Deshai, N. and Bhaskara Rao, B.},
  title   = {Unmasking deception: a {CNN} and adaptive {PSO} approach to detecting fake online reviews},
  journal = {Soft Computing},
  year    = {2023},
  volume  = {27},
  pages   = {11357--11378},
  doi     = {10.1007/s00500-023-08507-z},
  url     = {https://doi.org/10.1007/s00500-023-08507-z}
}

% Ref [22]
@misc{devlin2018bert,
  author = {Devlin, J. and Chang, M. and Lee, K. and Toutanova, K.},
  title  = {{BERT}: Pre-training of Deep Bidirectional Transformers for Language Understanding},
  year   = {2018},
  month  = {October},
  doi    = {10.48550/arXiv.1810.04805},
  url    = {https://doi.org/10.48550/arXiv.1810.04805}
}

% Ref [23]
@inproceedings{eberhart1995particle,
  author    = {Eberhart, R. C. and Kennedy, J.},
  title     = {A new optimizer using particle swarm theory},
  booktitle = {MHS'95. Proceedings of the Sixth International Symposium on Micro Machine and Human Science},
  year      = {1995},
  pages     = {39--43},
  doi       = {10.1109/MHS.1995.494215},
  url       = {https://doi.org/10.1109/MHS.1995.494215}
}

% Ref [24]
@inproceedings{ehrlinger2016towards,
    title={Towards a definition of knowledge graphs},
    author={Ehrlinger, L. and Wöß, W.},
    booktitle={SEMANTiCS (Posters, Demos, SuCCESS)},
    year={2016},
    url={https://www.researchgate.net/publication/323316736_Towards_a_Definition_of_Knowledge_Graphs},
    note={Recuperado el 06 de julio de 2024}
}

% Ref [25]
@mastersthesis{garcia2020interfaz,
  author = {García Robledo, G. A. and Reyes-Ortiz, J. A. and González-Beltrán, B. A.},
  title  = {Interfaz de consulta en idioma español para la búsqueda de información en un ambiente académico},
  school = {Universidad Autónoma Metropolitana},
  year   = {2020},
  type   = {Tesis de Maestría en Ciencias de la Computación},
  url    = {https://zaloamati.azc.uam.mx/handle/11191/7812},
  note   = {Recuperado el 07 de julio de 2024}
}

% Ref [26]
@misc{gemini2023family,
  author = {{Gemini Team, Google}},
  title  = {Gemini: A Family of Highly Capable Multimodal Models},
  year   = {2023},
  month  = {December},
  doi    = {10.48550/arXiv.2312.11805},
  url    = {https://doi.org/10.48550/arXiv.2312.11805}
}

% Ref [27]
@incollection{glover1998template,
  author    = {Glover, F.},
  title     = {A template for scatter search and path relinking},
  booktitle = {Lecture Notes in Computer Science},
  volume    = {1363},
  pages     = {13--54},
  year      = {1998},
  publisher = {Springer},
  doi       = {10.1007/BFb0026599},
  url       = {https://doi.org/10.1007/BFb0026599}
}

% Ref [28]
@article{gomez2021overview,
  author  = {Gómez-Adorno, H. and Posadas-Durán, J. P. and Enguix, G. B. and Capetillo, C. P.},
  title   = {Overview of {FakeDeS} at {IberLEF} 2021: Fake News Detection in {Spanish} Shared Task},
  journal = {Procesamiento del Lenguaje Natural},
  year    = {2021},
  volume  = {67},
  pages   = {223--231},
  doi     = {10.26342/2021-67-19},
  url     = {https://doi.org/10.26342/2021-67-19}
}

% Ref [29]
@inproceedings{hidayattullah2020financial,
  author    = {Hidayattullah, S. and Surjandari, I. and Laoh, E.},
  title     = {Financial Statement Fraud Detection in {Indonesia} Listed Companies using Machine Learning based on Meta-Heuristic Optimization},
  booktitle = {2020 International Workshop on Big Data and Information Security (IWBIS)},
  year      = {2020},
  address   = {Depok, Indonesia},
  pages     = {79--84},
  doi       = {10.1109/IWBIS50925.2020.9255563},
  url       = {https://doi.org/10.1109/IWBIS50925.2020.9255563}
}

% Ref [30]
@book{holland1992adaptation,
  author    = {Holland, J. H.},
  title     = {Adaptation in Natural and Artificial Systems: An Introductory Analysis with Applications to Biology, Control, and Artificial Intelligence},
  year      = {1992},
  publisher = {MIT Press},
  isbn      = {978-0-262-58111-0},
  note      = {Edición MIT Press del trabajo original de 1975}
}

% Ref [31]
@article{horak2023gaussian,
  author  = {Horak, J. and Sabek, A.},
  title   = {Gaussian Process Regression's Hyperparameters Optimization to Predict Financial Distress},
  journal = {Retos},
  year    = {2023},
  volume  = {13},
  number  = {26},
  pages   = {273--289},
  doi     = {10.17163/ret.n26.2023.06},
  url     = {https://doi.org/10.17163/ret.n26.2023.06}
}

% Ref [32]
@inproceedings{hu2024bad,
    title={Bad Actor, Good Advisor: Exploring the Role of Large Language Models in Fake News Detection},
    author={Hu, B. and Sheng, Q. and Cao, J. and Shi, Y. and Li, Y. and Wang, D. and Qi, P.},
    booktitle={Proceedings of the AAAI Conference on Artificial Intelligence},
    pages={22105--22113},
    year={2024},
    doi={10.1609/aaai.v38i20.30214},
    url={https://doi.org/10.1609/aaai.v38i20.30214}
}

% Ref [33]
@article{hu2022deep,
  author  = {Hu, L. and Wei, S. and Zhao, Z. and Wu, B.},
  title   = {Deep learning for fake news detection: A comprehensive survey},
  journal = {AI Open},
  year    = {2022},
  volume  = {3},
  pages   = {133--155},
  doi     = {10.1016/j.aiopen.2022.09.001},
  url     = {https://doi.org/10.1016/j.aiopen.2022.09.001}
}

% Ref [34]
@incollection{hurtado2024calibracion,
  author    = {Hurtado Avilés, G. and Mora-Gutiérrez, R. A. and Reyes-Ortiz, J. A.},
  title     = {Calibración de hiper-parámetros en algoritmos metaheurísticos para la detección de fraude digital},
  booktitle = {Avances recientes en procesamiento de lenguaje natural y otras áreas afines},
  editor    = {Tovar Vidal, M. and Lezama Sánchez, A. L. and Contreras González, M.},
  pages     = {14--26},
  year      = {2024},
  publisher = {Benemérita Universidad Autónoma de Puebla},
  isbn      = {978-607-5914-56-5}
}

% Ref [35]
@incollection{hurtado2024representacion,
  author    = {Hurtado Avilés, G. and Villa Vargas, J. M. and Tapia Hernández, S. and Rivera Sanabria, A. Á. and Jaimes Ponce, J. M.},
  title     = {Representación ontológica de la arquitectura de control de un robot {SCARA} utilizando {IoT} y {MATLAB}},
  booktitle = {Avances recientes en procesamiento de lenguaje natural y otras áreas afines},
  editor    = {Tovar Vidal, M. and Lezama Sánchez, A. L. and Contreras González, M.},
  year      = {2024},
  publisher = {Benemérita Universidad Autónoma de Puebla},
  isbn      = {978-607-5914-56-5}
}

% Ref [36]
@misc{jiao2019tinybert,
  author = {Jiao, X. and Yin, Y. and Shang, L. and Jiang, X. and Chen, X. and Li, L. and Wang, F. and Liu, Q.},
  title  = {{TinyBERT}: Distilling {BERT} for Natural Language Understanding},
  year   = {2019},
  month  = {September},
  doi    = {10.48550/arXiv.1909.10351},
  url    = {https://doi.org/10.48550/arXiv.1909.10351}
}

% Ref [37]
@inproceedings{kenton2019bert,
  author    = {Kenton, J. D. M. W. and Toutanova, L. K.},
  title     = {{BERT}: Pre-training of Deep Bidirectional Transformers for Language Understanding},
  booktitle = {Proceedings of the 2019 Conference of the North American Chapter of the Association for Computational Linguistics: Human Language Technologies},
  year      = {2019},
  pages     = {4171--4186},
  publisher = {Association for Computational Linguistics},
  address   = {Minneapolis, Minnesota},
  doi       = {10.18653/v1/N19-1423},
  url       = {https://aclanthology.org/N19-1423}
}

% Ref [38]
@article{rogers2020primer,
  author  = {Rogers, A. and Kovaleva, O. and Rumshisky, A.},
  title   = {A Primer on Neural Network Models for Natural Language Processing},
  journal = {Journal of Artificial Intelligence Research},
  year    = {2020},
  volume  = {61},
  pages   = {65--95},
  doi     = {10.1613/jair.1.11640},
  url     = {https://doi.org/10.1613/jair.1.11640}
}

% Ref [39]
@article{ruder2019neural,
  author  = {Ruder, S.},
  title   = {Neural Transfer Learning for Natural Language Processing},
  journal = {arXiv preprint arXiv:1708.00524},
  year    = {2019},
  doi     = {10.48550/arXiv.1708.00524},
  url     = {https://arxiv.org/abs/1708.00524}
}

% Ref [40]
@inproceedings{howard2018universal,
  author    = {Howard, J. and Ruder, S.},
  title     = {Universal Language Model Fine-tuning for Text Classification},
  booktitle = {Proceedings of the 56th Annual Meeting of the Association for Computational Linguistics (Volume 1: Long Papers)},
  year      = {2018},
  pages     = {328--339},
  publisher = {Association for Computational Linguistics},
  address   = {Melbourne, Australia},
  doi       = {10.18653/v1/P18-1031},
  url       = {https://aclanthology.org/P18-1031}
}

% Ref [41]
@article{kapunac2023variable,
  author  = {Kapunac, S. and Kartelj, A. and Djukanović, M.},
  title   = {Variable neighborhood search for weighted total domination problem and its application in social network information spreading},
  journal = {Applied Soft Computing},
  year    = {2023},
  volume  = {143},
  pages   = {110387},
  doi     = {10.1016/j.asoc.2023.110387},
  url     = {https://doi.org/10.1016/j.asoc.2023.110387}
}

% Ref [42]
@inproceedings{kennedy1995particle,
  author    = {Kennedy, J. and Eberhart, R. C.},
  title     = {Particle swarm optimization},
  booktitle = {Proceedings of ICNN'95 - International Conference on Neural Networks},
  year      = {1995},
  volume    = {4},
  pages     = {1942--1948},
  month     = {November},
  doi       = {10.1109/ICNN.1995.488968},
  url       = {https://doi.org/10.1109/ICNN.1995.488968}
}

% Ref [39]
@article{kirkpatrick1983optimization,
  author  = {Kirkpatrick, S. and Gelatt, C. D. and Vecchi, M. P.},
  title   = {Optimization by Simulated Annealing},
  journal = {Science},
  year    = {1983},
  volume  = {220},
  number  = {4598},
  pages   = {671--680},
  doi     = {10.1126/science.220.4598.671},
  url     = {https://doi.org/10.1126/science.220.4598.671}
}

% Ref [40]
@article{levesque1986knowledge,
  author  = {Levesque, H. J.},
  title   = {Knowledge representation and reasoning},
  journal = {Annual review of computer science},
  year    = {1986},
  volume  = {1},
  number  = {1},
  pages   = {255--287},
  doi     = {10.1146/annurev.cs.01.060186.001351},
  url     = {https://doi.org/10.1146/annurev.cs.01.060186.001351}
}

% Ref [41]
@techreport{liddy2001natural,
  author      = {Liddy, E. D.},
  title       = {Natural Language Processing},
  institution = {Syracuse University},
  year        = {2001},
  url         = {https://surface.syr.edu/istpub/63/},
  note        = {Recuperado el 05 de julio de 2024}
}

% Ref [42]
@misc{manzano2024dataset,
  author       = {Manzano-Velasco, C. E.},
  title        = {{DataSet Web scraping noticias verificadas}},
  year         = {2024},
  howpublished = {Kaggle},
  url          = {https://www.kaggle.com/datasets/enriquemanzano/dataset-web-scraping-noticias-verificadas/data},
  note         = {Recuperado el 24 de junio de 2024}
}

% Ref [43]
@mastersthesis{manzano2024sistema,
  author = {Manzano-Velasco, C. E. and Daza-Rosero, L. S.},
  title  = {Sistema de alerta temprana para monitorear la propagación de noticias falsas: caso de estudio contexto político colombiano},
  school = {Universidad del Cauca},
  year   = {2024},
  type   = {Trabajo Grado},
  url    = {http://repositorio.unicauca.edu.co:8080/xmlui/handle/123456789/9485},
  note   = {Recuperado el 07 de julio de 2024}
}

% Ref [44]
@incollection{marti2018multistart,
  author    = {Martí, R. and Resende, M. G. C. and Pardalos, P. M.},
  title     = {Multi-start methods},
  booktitle = {Handbook of Heuristics},
  pages     = {195--212},
  year      = {2018},
  publisher = {Springer},
  doi       = {10.1007/978-3-319-91086-4_7},
  url       = {https://doi.org/10.1007/978-3-319-91086-4_7}
}

% Ref [45]
@misc{martinez2021fake,
  author = {Martínez-Gallego, K. and Álvarez-Ortiz, A. M. and Arias-Londoño, J. D.},
  title  = {Fake News Detection in {Spanish} Using Deep Learning Techniques},
  year   = {2021},
  month  = {October},
  doi    = {10.48550/arXiv.2110.06461},
  url    = {https://arxiv.org/abs/2110.06461}
}

% Ref [46]
@article{mladenovic1997variable,
  author  = {Mladenović, N. and Hansen, P.},
  title   = {Variable neighborhood search},
  journal = {Computers \& Operations Research},
  year    = {1997},
  volume  = {24},
  number  = {11},
  pages   = {1097--1100},
  doi     = {10.1016/S0305-0548(97)00031-2},
  url     = {https://doi.org/10.1016/S0305-0548(97)00031-2}
}

% Ref [47]
@article{mridha2021comprehensive,
  author  = {Mridha, M. F. and Keya, A. J. and Hamid, M. A. and Monowar, M. M. and Rahman, M. S.},
  title   = {A Comprehensive Review on Fake News Detection With Deep Learning},
  journal = {IEEE Access},
  year    = {2021},
  volume  = {9},
  pages   = {156151--156170},
  doi     = {10.1109/ACCESS.2021.3129329},
  url     = {https://doi.org/10.1109/ACCESS.2021.3129329}
}

% Ref [48]
@inproceedings{nasser2021online,
  author    = {Nasser, I. M. and Alzaanin, A. H. and Maghari, A. Y.},
  title     = {Online Recruitment Fraud Detection using {ANN}},
  booktitle = {2021 Palestinian International Conference on Information and Communication Technology (PICICT)},
  year      = {2021},
  pages     = {13--17},
  doi       = {10.1109/PICICT53635.2021.00015},
  url       = {https://doi.org/10.1109/PICICT53635.2021.00015}
}

% Ref [49]
@misc{omalley2020hyperparameter,
  author = {O'Malley, T. and Bursztein, E. and Long, J. and Chollet, F. and Jin, H. and Invernizzi, L. and {The Keras team}},
  title  = {Hyperparameter tuning with {Keras Tuner}},
  year   = {2020},
  month  = {January},
  howpublished = {The TensorFlow Blog},
  url    = {https://blog.tensorflow.org/2020/01/hyperparameter-tuning-with-keras-tuner.html},
  note   = {Recuperado el 29 de enero de 2020}
}

% Ref [50]
@inproceedings{osorio2023proyecto,
  author    = {Osorio-Giraldo, J. M. and Ropain-Zambrano, C. J. and Taba-Pulgarin, A. F. and de Jesús Osorio-Orozco, A.},
  title     = {10. Proyecto de seguridad para reducir fraudes y robos en Marketplace de Facebook},
  booktitle = {Coloquio de Investigación Formativa 2023-1},
  year      = {2023},
  pages     = {89},
  url       = {https://ridum.umanizales.edu.co/xmlui/bitstream/handle/20.500.12746/6834/CIF%202023-1%20-%20Res%C3%BAmenes%20ejecutivos_RIDUM.pdf?sequence=1&isAllowed=y#page=89},
  note      = {Recuperado el 05 de julio de 2024}
}

% Ref [51]
@mastersthesis{padilla2019deteccion,
  author = {Padilla Cuevas, J. and Reyes-Ortiz, J. A. and Bravo, M.},
  title  = {Detección y representación de eventos en un ambiente académico inteligente},
  school = {Universidad Autónoma Metropolitana},
  year   = {2019},
  type   = {Tesis de Maestría en Ciencias de la Computación},
  url    = {https://zaloamati.azc.uam.mx/handle/11191/6124},
  note   = {Recuperado el 06 de julio de 2024}
}

% Ref [52]
@article{perez2020fake,
  author  = {Pérez-Dasilva, J. and Meso-Ayerdi, K. and Mendiguren-Galdospín, T.},
  title   = {Fake news y coronavirus: detección de los principales actores y tendencias a través del análisis de las conversaciones en {Twitter}},
  journal = {El Profesional De La Información},
  year    = {2020},
  volume  = {29},
  number  = {3},
  doi     = {10.3145/epi.2020.may.08},
  url     = {https://doi.org/10.3145/epi.2020.may.08}
}

% Ref [53]
@article{posadas2019detection,
  author  = {Posadas-Durán, J. P. and Gómez-Adorno, H. and Sidorov, G. and Escobar, J. J. M.},
  title   = {Detection of fake news in a new corpus for the {Spanish} language},
  journal = {Journal of Intelligent and Fuzzy Systems},
  year    = {2019},
  volume  = {36},
  number  = {5},
  pages   = {4869--4876},
  doi     = {10.3233/jifs-179034},
  url     = {https://doi.org/10.3233/jifs-179034}
}

% Ref [54]
@article{pulido2020new,
  author  = {Pulido, C. and Ruiz-Eugenio, L. and Redondo-Sama, G. and Villarejo-Carballido, B.},
  title   = {A New Application of Social Impact in Social Media for Overcoming Fake News in Health},
  journal = {International Journal of Environmental Research and Public Health},
  year    = {2020},
  volume  = {17},
  number  = {7},
  pages   = {2430},
  doi     = {10.3390/ijerph17072430},
  url     = {https://doi.org/10.3390/ijerph17072430}
}

% Ref [55]
@misc{ramirez2021spanish,
  author       = {Ramírez Cruz, J. M. and Palacios Alvarado, S. Ú. and Franca Tapia, K. E. and Posadas Durán, J. P. F. and Gómez Adorno, H. M. and Sidorov, G.},
  title        = {The {Spanish} Fake News Corpus Version 2.0 en {GitHub}},
  year         = {2021},
  howpublished = {GitHub repository},
  url          = {https://github.com/jpposadas/FakeNewsCorpusSpanish},
  note         = {Recuperado el 10 de julio de 2024}
}

% Ref [56]
@mastersthesis{reyes2008extraccion,
  author = {Reyes-Ortiz, J. A.},
  title  = {Extracción de Información Semántica para la Clasificación de Servicios Web},
  school = {Centro Nacional de Investigación y Desarrollo Tecnológico},
  year   = {2008},
  type   = {Tesis de Maestría en Ciencias en Ciencias de la Computación},
  url    = {https://www.cenidet.edu.mx/subplan/biblio/seleccion/Tesis/MC%20Jos%E9%20Alejandro%20Reyes%20Ortiz%202008.pdf},
  note   = {Recuperado el 07 de julio de 2024}
}

% Ref [57]
@inproceedings{reyes2015clinical,
  author    = {Reyes-Ortiz, J. A. and González-Beltrán, B. A. and Gallardo-López, L.},
  title     = {Clinical Decision Support Systems: A Survey of {NLP}-Based Approaches from Unstructured Data},
  booktitle = {2015 26th International Workshop on Database and Expert Systems Applications (DEXA)},
  year      = {2015},
  address   = {Valencia, Spain},
  pages     = {163--167},
  doi       = {10.1109/DEXA.2015.47},
  url       = {https://doi.org/10.1109/DEXA.2015.47}
}

% Ref [58]
@misc{sanh2019distilbert,
  author = {Sanh, V. and Debut, L. and Chaumond, J. and Wolf, T.},
  title  = {{DistilBERT}, a distilled version of {BERT}: smaller, faster, cheaper and lighter},
  year   = {2019},
  month  = {October},
  doi    = {10.48550/arXiv.1910.01108},
  url    = {https://doi.org/10.48550/arXiv.1910.01108}
}

% Ref [59]
@incollection{shapiro2006knowledge,
    title={Knowledge representation},
    author={Shapiro, S. C.},
    booktitle={Encyclopedia of cognitive science},
    year={2006},
    publisher={Wiley},
    doi={10.1002/0470018860.s00058},
    url={https://doi.org/10.1002/0470018860.s00058}
}

% Ref [60]
@article{shushkevich2023improving,
  author  = {Shushkevich, E. and Alexandrov, M. and Cardiff, J.},
  title   = {Improving multiclass classification of fake news using {BERT}-Based models and {ChatGPT}-Augmented data},
  journal = {Inventions},
  year    = {2023},
  volume  = {8},
  number  = {5},
  pages   = {112},
  doi     = {10.3390/inventions8050112},
  url     = {https://doi.org/10.3390/inventions8050112}
}

% Ref [61]
@article{singh2023comprehensive,
  author  = {Singh, M. K. and Ahmed, J. and Alam, M. A. and Raghuvanshi, K. K. and Kumar, S.},
  title   = {A comprehensive review on automatic detection of fake news on social media},
  journal = {Multimedia Tools and Applications},
  year    = {2023},
  doi     = {10.1007/s11042-023-17377-4},
  url     = {https://doi.org/10.1007/s11042-023-17377-4}
}

% Ref [62]
@misc{su2023adapting,
  author = {Su, J. and Cardie, C. and Nakov, P.},
  title  = {Adapting fake news detection to the era of large language models},
  year   = {2023},
  doi    = {10.48550/arXiv.2311.04917},
  url    = {https://arxiv.org/abs/2311.04917}
}

% Ref [63]
@misc{su2023fake,
  author = {Su, J. and Zhuo, T. Y. and Mansurov, J. and Wang, D. and Nakov, P.},
  title  = {Fake news detectors are biased against texts generated by large language models},
  year   = {2023},
  doi    = {10.48550/arXiv.2309.08674},
  url    = {https://arxiv.org/abs/2309.08674}
}

% Ref [64]
@article{thota2018fake,
  author  = {Thota, A. and Tilak, P. and Ahluwalia, S. and Lohia, N.},
  title   = {Fake News Detection: A Deep Learning Approach},
  journal = {SMU Scholar},
  year    = {2018},
  url     = {https://scholar.smu.edu/datasciencereview/vol1/iss3/10/},
  note    = {Recuperado el 05 de julio de 2024}
}

% Ref [65]
@misc{touvron2023llama,
  author = {Touvron, H. and Lavril, T. and Izacard, G. and Martinet, X. and Lachaux, M. A. and Lacroix, T. and Rozière, B. and Goyal, N. and Hambro, E. and Azhar, F. and Rodriguez, A. and Joulin, A. and Grave, E. and Lample, G.},
  title  = {{LLaMA}: Open and Efficient Foundation Language Models},
  year   = {2023},
  month  = {February},
  doi    = {10.48550/arXiv.2302.13971},
  url    = {https://doi.org/10.48550/arXiv.2302.13971}
}

% Ref [66]
@incollection{tretiakov2022detection,
  author    = {Tretiakov, Arsenii and Martín Garc{\'i}a, Alejandro and Camacho, David},
  title     = {Detection of False Information in {Spanish} Using Machine Learning Techniques},
  booktitle = {Advances in Intelligent Data Analysis and Applications},
  year      = {2022},
  publisher = {Springer},
  doi       = {10.1007/978-3-031-21753-1_5},
  url       = {http://dx.doi.org/10.1007/978-3-031-21753-1_5}
}

% Ref [67]
@misc{tretiakov2022noticias,
  author       = {Tretiakov, Arsenii and Martín Garc{\'i}a, Alejandro and Camacho, David},
  title        = {Noticias falsas en español},
  year         = {2022},
  howpublished = {Kaggle},
  url          = {https://www.kaggle.com/datasets/arseniitretiakov/noticias-falsas-en-espaol},
  note         = {Recuperado el 15 de julio de 2024}
}

% Ref [68]
@article{tsai2023stylometric,
  author  = {Tsai, C. M.},
  title   = {Stylometric fake news detection based on natural language processing using named entity recognition: In-Domain and Cross-Domain analysis},
  journal = {Electronics},
  year    = {2023},
  volume  = {12},
  number  = {17},
  pages   = {3676},
  doi     = {10.3390/electronics12173676},
  url     = {https://doi.org/10.3390/electronics12173676},
  note    = {Recuperado el 24 de junio de 2024}
}

% Ref [69]
@misc{vaswani2017attention,
  author = {Vaswani, A. and Shazeer, N. and Parmar, N. and Uszkoreit, J. and Jones, L. and Gomez, A. N. and Kaiser, L. and Polosukhin, I.},
  title  = {Attention is All You Need},
  year   = {2017},
  month  = {June},
  doi    = {10.48550/arXiv.1706.03762},
  url    = {https://doi.org/10.48550/arXiv.1706.03762}
}

% Ref [70]
@mastersthesis{villamil2022seleccion,
  author = {Villamil Arcos, C.},
  title  = {Selección de una técnica de aprendizaje de máquina para la detección de Fraude Financiero Digital enfocado a transacciones no autorizadas o consentidas},
  school = {Universidad Nacional de Colombia},
  year   = {2022},
  url    = {https://repositorio.unal.edu.co/handle/unal/84015},
  note   = {Recuperado el 05 de julio de 2024}
}

% Ref [71]
@misc{whitehouse2022evaluation,
  author = {Whitehouse, C. and Weyde, T. and Madhyastha, P. and Komninos, N.},
  title  = {Evaluation of Fake News Detection with Knowledge-Enhanced Language Models},
  year   = {2022},
  month  = {April},
  doi    = {10.48550/arXiv.2204.00458},
  url    = {https://arxiv.org/abs/2204.00458}
}

% Ref [72]
@article{yasmin2024ensemble,
  author  = {Yasmin, A. and Haider Butt, W. and Daud, A.},
  title   = {Ensemble effort estimation with metaheuristic hyperparameters and weight optimization for achieving accuracy},
  journal = {PLOS ONE},
  year    = {2024},
  volume  = {19},
  number  = {4},
  pages   = {e0300296},
  doi     = {10.1371/journal.pone.0300296},
  url     = {https://doi.org/10.1371/journal.pone.0300296}
}

% Ref [73]
@misc{yazdi2020improving,
  author = {Yazdi, K. M. and Yazdi, A. M. and Khodayi, S. and Hou, J. and Zhou, W. and Saedy, S.},
  title  = {Improving fake news detection using {K-Means} and support vector machine approaches},
  year   = {2020},
  month  = {January},
  url    = {https://publications.waset.org/10011058/improving-fake-news-detection-using-k-means-and-support-vector-machine-approaches},
  note   = {Recuperado el 05 de julio de 2024}
}

% Ref [74]
@article{yildirim2023novel,
  author  = {Yildirim, G.},
  title   = {A novel hybrid multi-thread metaheuristic approach for fake news detection in social media},
  journal = {Applied Intelligence},
  year    = {2023},
  volume  = {53},
  pages   = {11182--11202},
  doi     = {10.1007/s10489-022-03972-9},
  url     = {https://doi.org/10.1007/s10489-022-03972-9}
}

% Ref [75]
@misc{zhang2023using,
  author = {Zhang, M. R. and Desai, N. and Bae, J. and Lorraine, J. and Ba, J.},
  title  = {Using large language models for hyperparameter optimization},
  year   = {2023},
  url    = {https://openreview.net/forum?id=FUdZ6HEOre},
  note   = {Recuperado el 06 de julio de 2024}
}

% Ref [76]
@misc{zules2019spanish,
  author       = {Zules Acosta, F. A.},
  title        = {{Spanish Fake and Real News}},
  year         = {2019},
  howpublished = {Kaggle},
  url          = {https://www.kaggle.com/datasets/zulanac/fake-and-real-news},
  note         = {Recuperado el 10 de julio de 2024}
}